@misc{transformer,
	author =       "Jay Alammar",
	title =        "The Illustrated Transformer",
	HOWPUBLISHED = "\url{http://jalammar.github.io/illustrated-transformer}"
}

@misc{berttutorial,
	author =       "Chris McCormick and Nick Ryan",
	title =        "BERT Word Embeddings Tutorial",
	HOWPUBLISHED = "\url{http://www.mccormickml.com}"
	year = {2019},
	month = {05},
	day = {14},
}

@misc{pcaeigenvectors,
	author =       "Serafeim Loukas",
	title =        "PCA clearly explained - When, Why, How to use it and feature importance: A guide in Python",
	HOWPUBLISHED = "\url{http://towardsdatascience.com/}"
	year = {2020},
	month = {05},
	day = {30},
}


@article{bert,
	author = {Vaswani, Ashish and Shazeer, Noam and Parmar, Niki and Uszkoreit, Jakob and Jones, Llion and Gomez, Aidan and Kaiser, Lukasz and Polosukhin, Illia},
	year = {2017},
	month = {06},
	pages = {},
	title = {Attention Is All You Need}
}

@inproceedings{sentencebert,
	author = {Reimers, Nils and Gurevych, Iryna},
	year = {2019},
	month = {01},
	pages = {3973-3983},
	title = {Sentence-BERT: Sentence Embeddings using Siamese BERT-Networks},
	doi = {10.18653/v1/D19-1410}
}

@article{scikit-learn,
	title={Scikit-learn: Machine Learning in {P}ython},
	author={Pedregosa, F. and Varoquaux, G. and Gramfort, A. and Michel, V.
	and Thirion, B. and Grisel, O. and Blondel, M. and Prettenhofer, P.
	and Weiss, R. and Dubourg, V. and Vanderplas, J. and Passos, A. and
	Cournapeau, D. and Brucher, M. and Perrot, M. and Duchesnay, E.},
	journal={Journal of Machine Learning Research},
	volume={12},
	pages={2825--2830},
	year={2011}
}

@article{weka,
	author = {Mark Hall and Eibe Frank and Geoffrey Holmes and Bernhard Pfahringer and Peter Reutemann and Ian H. Witten},
	title = {The {WEKA} data mining software: an update},
	journal = {SIGKDD Explorations},
	volume = 11,
	number = 1,
	year = 2009,
	pages = {10-18}
}

@book{nltk,
	author = {Steven Bird and Ewan Klein and Edward Loper},
	title = {{Natural Language Processing with Python}},
	publisher = {O'Reilly Media},
	year = 2009
}

@article{survey4,
	author = {Wallace, Byron},
	year = {2013},
	month = {04},
	pages = {},
	title = {Computational irony: A survey and new perspectives},
	volume = {43},
	journal = {Artificial Intelligence Review},
	doi = {10.1007/s10462-012-9392-5}
}


@INPROCEEDINGS{survey1,
	author={J. {aboobaker} and E. {Ilavarasan}},
	booktitle={2020 6th International Conference on Advanced Computing and Communication Systems (ICACCS)}, 
	title={A Survey on Sarcasm detection and challenges}, 
	year={2020},
	volume={},
	number={},
	pages={1234-1240},}

@INPROCEEDINGS{survey3,
	author={P. {Chaudhari} and C. {Chandankhede}},
	booktitle={2017 International Conference on Wireless Communications, Signal Processing and Networking (WiSPNET)}, 
	title={Literature survey of sarcasm detection}, 
	year={2017},
	volume={},
	number={},
	pages={2041-2046},}

@inproceedings{audio-sarcasm,
	title={"yeah Right": Sarcasm Recognition for Spoken Dialogue Systems},
	author={Joseph Tepperman and David R. Traum and Shrikanth S. Narayanan},
	booktitle={INTERSPEECH},
	year={2006}
}

@INPROCEEDINGS{political,
	author={D. K. {Tayal} and S. {Yadav} and K. {Gupta} and B. {Rajput} and K. {Kumari}},
	booktitle={2014 International Conference on Computing for Sustainable Global Development (INDIACom)}, 
	title={Polarity detection of sarcastic political tweets}, 
	year={2014},
	volume={},
	number={},
	pages={625-628},}

@article{survey5,
	author = {Joshi, Aditya and Bhattacharyya, Pushpak and Carman, Mark J.},
	title = {Automatic Sarcasm Detection: A Survey},
	year = {2017},
	issue_date = {November 2017},
	publisher = {Association for Computing Machinery},
	address = {New York, NY, USA},
	volume = {50},
	number = {5},
	issn = {0360-0300},
	url = {https://doi.org/10.1145/3124420},
	doi = {10.1145/3124420},
	journal = {ACM Comput. Surv.},
	month = sep,
	articleno = {73},
	numpages = {22},
	keywords = {opinion, sarcasm detection, sentiment, sentiment analysis, Sarcasm}
}

@inproceedings{scuba,
	author = {Rajadesingan, Ashwin and Zafarani, Reza and Liu, Huan},
	title = {Sarcasm Detection on Twitter: A Behavioral Modeling Approach},
	year = {2015},
	isbn = {9781450333177},
	publisher = {Association for Computing Machinery},
	address = {New York, NY, USA},
	url = {https://doi.org/10.1145/2684822.2685316},
	doi = {10.1145/2684822.2685316},
	booktitle = {Proceedings of the Eighth ACM International Conference on Web Search and Data Mining},
	pages = {97–106},
	numpages = {10},
	keywords = {behavioral modeling, sarcasm detection, social media},
	location = {Shanghai, China},
	series = {WSDM ’15}
}

@inbook{survey2,
	author = {Bagate, Rupali and Ramadass, Suguna},
	year = {2020},
	month = {01},
	pages = {425-433},
	title = {Different Approaches in Sarcasm Detection: A Survey},
	isbn = {978-3-030-34079-7},
	doi = {10.1007/978-3-030-34080-3_48}
}

@article{tipi-sarcasmo,
	author = {Camp, Elisabeth},
	year = {2011},
	month = {09},
	pages = {},
	title = {Sarcasm, Pretense, and The Semantics/Pragmatics Distinction*},
	volume = {46},
	journal = {Noûs},
	doi = {10.1111/j.1468-0068.2010.00822.x}
}

@inproceedings{sarcasm-ita,
	author = {Barbieri, Francesco and Ronzano, Francesco and Saggion, Horacio},
	year = {2014},
	month = {12},
	pages = {},
	title = {Italian Irony Detection in Twitter: a First Approach}
}

@INPROCEEDINGS{parsing-tree,  author={S. K. {Bharti} and K. S. {Babu} and S. K. {Jena}},  booktitle={2015 IEEE/ACM International Conference on Advances in Social Networks Analysis and Mining (ASONAM)},   title={Parsing-based sarcasm sentiment recognition in Twitter data},   year={2015},  volume={},  number={},  pages={1373-1380},}


@article{rilof,
	author = {Riloff, Ellen and Qadir, A. and Surve, P. and Silva, L. and Gilbert, N. and Huang, R.},
	year = {2013},
	month = {01},
	pages = {704-714},
	title = {Sarcasm as contrast between a positive sentiment and negative situation},
	journal = {Proceedings of EMNLP}
}


@article{farias,
	author = {Far\'{\i}as, Delia Iraz\'{u} Herna\'{n}dez and Patti, Viviana and Rosso, Paolo},
	title = {Irony Detection in Twitter: The Role of Affective Content},
	year = {2016},
	issue_date = {August 2016},
	publisher = {Association for Computing Machinery},
	address = {New York, NY, USA},
	volume = {16},
	number = {3},
	issn = {1533-5399},
	url = {https://doi.org/10.1145/2930663},
	doi = {10.1145/2930663},
	journal = {ACM Trans. Internet Technol.},
	month = jul,
	articleno = {19},
	numpages = {24},
	keywords = {figurative language processing, affective resources, Irony detection}
}


@inproceedings{fersini,
	author = {Fersini, Elisabetta and Messina, Vincenzina and Pozzi, Federico},
	year = {2015},
	month = {10},
	pages = {},
	title = {Detecting Irony and Sarcasm in Microblogs: The Role of Expressive Signals and Ensemble Classifiers},
	doi = {10.1109/DSAA.2015.7344888}
}


@inproceedings{davidov,
	author = {Davidov, Dmitry and Tsur, Oren and Rappoport, Ari},
	title = {Semi-Supervised Recognition of Sarcastic Sentences in Twitter and Amazon},
	year = {2010},
	isbn = {9781932432831},
	publisher = {Association for Computational Linguistics},
	address = {USA},
	booktitle = {Proceedings of the Fourteenth Conference on Computational Natural Language Learning},
	pages = {107–116},
	numpages = {10},
	location = {Uppsala, Sweden},
	series = {CoNLL ’10}
}


@inproceedings{embeddings,
	title = "Are Word Embedding-based Features Useful for Sarcasm Detection?",
	author = "Joshi, Aditya  and
	Tripathi, Vaibhav  and
	Patel, Kevin  and
	Bhattacharyya, Pushpak  and
	Carman, Mark",
	booktitle = "Proceedings of the 2016 Conference on Empirical Methods in Natural Language Processing",
	month = nov,
	year = "2016",
	address = "Austin, Texas",
	publisher = "Association for Computational Linguistics",
	url = "https://www.aclweb.org/anthology/D16-1104",
	doi = "10.18653/v1/D16-1104",
	pages = "1006--1011",
}

@inproceedings{deep-learning,
	author = {Bharti, Drsantosh and Babu, Korra and Jena, Sanjay},
	year = {2015},
	month = {08},
	pages = {},
	title = {Parsing-based Sarcasm Sentiment Recognition in Twitter Data},
	doi = {10.1145/2808797.2808910}
}

@article{ark,
	author = {Owoputi, O. and O'Connor, B. and Dyer, C. and Gimpel, Kevin and Schneider, N. and Smith, N.A.},
	year = {2013},
	month = {01},
	pages = {380-390},
	title = {Improved part-of-speech tagging for online conversational text with word clusters},
	volume = {2013},
	journal = {Proceedings of NAACL-HLT}
}

@inproceedings{gonzalez,
	author = {González-Ibáñez, Roberto and Muresan, Smaranda and Wacholder, Nina},
	year = {2011},
	month = {01},
	pages = {581-586},
	title = {Identifying Sarcasm in Twitter: A Closer Look.}
}

@article{reyes,
	author = {Reyes, Antonio and Rosso, Paolo},
	year = {2013},
	month = {09},
	pages = {},
	title = {On the difficulty of automatically detecting irony: Beyond a simple case of negation},
	volume = {40},
	journal = {Knowledge and Information Systems},
	doi = {10.1007/s10115-013-0652-8}
}



@inproceedings{gram,
	author = {Liebrecht, Christine and Kunneman, Florian and Van den Bosch, Antal},
	year = {2013},
	month = {06},
	pages = {29-37},
	title = {{The perfect solution for detecting sarcasm in tweets  \#not}}
}


@article{zang,
	author = {Zhang, Shiwei and Zhang, Xiuzhen and Chan, Jeffrey and Rosso, Paolo},
	year = {2019},
	month = {09},
	pages = {1633-1644},
	title = {Irony detection via sentiment-based transfer learning},
	volume = {56},
	journal = {Information Processing \& Management},
	doi = {10.1016/j.ipm.2019.04.006}
}

@article{crowd,
	author = {Filatova, Elena},
	year = {2012},
	month = {01},
	pages = {},
	title = {Irony and Sarcasm: Corpus Generation and Analysis Using Crowdsourcing}
}


@inproceedings{hashtag,
	title = "Who cares about Sarcastic Tweets? Investigating the Impact of Sarcasm on Sentiment Analysis.",
	author = "Maynard, Diana  and
	Greenwood, Mark",
	booktitle = "Proceedings of the Ninth International Conference on Language Resources and Evaluation ({LREC}'14)",
	month = may,
	year = "2014",
	address = "Reykjavik, Iceland",
	publisher = "European Language Resources Association (ELRA)",
	url = "http://www.lrec-conf.org/proceedings/lrec2014/pdf/67_Paper.pdf",
	pages = "4238--4243",
}

@inproceedings{imbalance,
	author = {Liu, Peng and Chen, Wei and Ou, Gaoyan and Wang, Tengjiao and Yang, Dongqing and Lei, Kai},
	year = {2014},
	month = {06},
	pages = {459-471},
	title = {Sarcasm Detection in Social Media Based on Imbalanced Classification},
	doi = {10.1007/978-3-319-08010-9_49}
}